@article{EEA2019,
  author  = {European Environment Agency},
  title   = {European air quality source apportionment with PMF methodology},
  journal = {EEA Technical Report},
  volume  = {2019/5},
  year    = {2019},
  doi     = {10.2800/05293}
}

@techreport{PMF_Guide2014,
  author      = {Norris, G. and Duvall, R. and Brown, S. and Bai, S.},
  title       = {EPA Positive Matrix Factorization (PMF) 5.0 Fundamentals and User Guide},
  institution = {U.S. Environmental Protection Agency},
  year        = {2014},
  number      = {EPA/600/R-14/108}
}

@article{Paatero1994,
  author  = {Paatero, P. and Tapper, U.},
  title   = {Positive matrix factorization: A non-negative factor model with optimal utilization of error estimates of data values},
  journal = {Environmetrics},
  volume  = {5},
  number  = {2},
  pages   = {111--126},
  year    = {1994},
  doi     = {10.1002/env.3170050203}
}
